%YAML 1.1
%TAG !u! tag:unity3d.com,2011:
--- !u!1 &7988773351878354586
GameObject:
  m_ObjectHideFlags: 0
  m_CorrespondingSourceObject: {fileID: 0}
  m_PrefabInstance: {fileID: 0}
  m_PrefabAsset: {fileID: 0}
  serializedVersion: 6
  m_Component:
  - component: {fileID: 8217732516433110997}
  - component: {fileID: 8261531731854807457}
  m_Layer: 0
  m_Name: GoldCoinsPack2
  m_TagString: CoinsPack
  m_Icon: {fileID: 0}
  m_NavMeshLayer: 0
  m_StaticEditorFlags: 0
  m_IsActive: 1
--- !u!4 &8217732516433110997
Transform:
  m_ObjectHideFlags: 0
  m_CorrespondingSourceObject: {fileID: 0}
  m_PrefabInstance: {fileID: 0}
  m_PrefabAsset: {fileID: 0}
  m_GameObject: {fileID: 7988773351878354586}
  m_LocalRotation: {x: 0, y: 0, z: 0, w: 1}
  m_LocalPosition: {x: 0, y: 0, z: 0}
  m_LocalScale: {x: 1, y: 1, z: 1}
  m_Children:
  - {fileID: 7454667507381794091}
  - {fileID: 7771396249607913760}
  - {fileID: 2539552946710482979}
  - {fileID: 6687171525275434776}
  - {fileID: 8264391847165637398}
  - {fileID: 5315261250702174303}
  - {fileID: 2159623600811714145}
  - {fileID: 297257798445140317}
  - {fileID: 1771612273318836453}
  - {fileID: 2176110146332768522}
  - {fileID: 8393325813802702760}
  - {fileID: 5589127334010052458}
  m_Father: {fileID: 0}
  m_RootOrder: 0
  m_LocalEulerAnglesHint: {x: 0, y: 0, z: 0}
--- !u!65 &8261531731854807457
BoxCollider:
  m_ObjectHideFlags: 0
  m_CorrespondingSourceObject: {fileID: 0}
  m_PrefabInstance: {fileID: 0}
  m_PrefabAsset: {fileID: 0}
  m_GameObject: {fileID: 7988773351878354586}
  m_Material: {fileID: 0}
  m_IsTrigger: 1
  m_Enabled: 1
  serializedVersion: 2
  m_Size: {x: 5.03, y: 4.31, z: 5.9}
  m_Center: {x: 0, y: 0.54, z: 0}
--- !u!1001 &3086153800885198
PrefabInstance:
  m_ObjectHideFlags: 0
  serializedVersion: 2
  m_Modification:
    m_TransformParent: {fileID: 8217732516433110997}
    m_Modifications:
    - target: {fileID: 5733380267960151611, guid: dc6efbc40b1cc9844be1fd4f2bbd890b, type: 3}
      propertyPath: m_Name
      value: GoldCoin (1)
      objectReference: {fileID: 0}
    - target: {fileID: 7769691641193489134, guid: dc6efbc40b1cc9844be1fd4f2bbd890b, type: 3}
      propertyPath: m_LocalPosition.x
      value: 1.44
      objectReference: {fileID: 0}
    - target: {fileID: 7769691641193489134, guid: dc6efbc40b1cc9844be1fd4f2bbd890b, type: 3}
      propertyPath: m_LocalPosition.y
      value: 0.562
      objectReference: {fileID: 0}
    - target: {fileID: 7769691641193489134, guid: dc6efbc40b1cc9844be1fd4f2bbd890b, type: 3}
      propertyPath: m_LocalPosition.z
      value: 0
      objectReference: {fileID: 0}
    - target: {fileID: 7769691641193489134, guid: dc6efbc40b1cc9844be1fd4f2bbd890b, type: 3}
      propertyPath: m_LocalRotation.x
      value: -0
      objectReference: {fileID: 0}
    - target: {fileID: 7769691641193489134, guid: dc6efbc40b1cc9844be1fd4f2bbd890b, type: 3}
      propertyPath: m_LocalRotation.y
      value: -0
      objectReference: {fileID: 0}
    - target: {fileID: 7769691641193489134, guid: dc6efbc40b1cc9844be1fd4f2bbd890b, type: 3}
      propertyPath: m_LocalRotation.z
      value: -0
      objectReference: {fileID: 0}
    - target: {fileID: 7769691641193489134, guid: dc6efbc40b1cc9844be1fd4f2bbd890b, type: 3}
      propertyPath: m_LocalRotation.w
      value: 1
      objectReference: {fileID: 0}
    - target: {fileID: 7769691641193489134, guid: dc6efbc40b1cc9844be1fd4f2bbd890b, type: 3}
      propertyPath: m_RootOrder
      value: 1
      objectReference: {fileID: 0}
    - target: {fileID: 7769691641193489134, guid: dc6efbc40b1cc9844be1fd4f2bbd890b, type: 3}
      propertyPath: m_LocalEulerAnglesHint.x
      value: 0
      objectReference: {fileID: 0}
    - target: {fileID: 7769691641193489134, guid: dc6efbc40b1cc9844be1fd4f2bbd890b, type: 3}
      propertyPath: m_LocalEulerAnglesHint.y
      value: 0
      objectReference: {fileID: 0}
    - target: {fileID: 7769691641193489134, guid: dc6efbc40b1cc9844be1fd4f2bbd890b, type: 3}
      propertyPath: m_LocalEulerAnglesHint.z
      value: 0
      objectReference: {fileID: 0}
    m_RemovedComponents: []
  m_SourcePrefab: {fileID: 100100000, guid: dc6efbc40b1cc9844be1fd4f2bbd890b, type: 3}
--- !u!4 &7771396249607913760 stripped
Transform:
  m_CorrespondingSourceObject: {fileID: 7769691641193489134, guid: dc6efbc40b1cc9844be1fd4f2bbd890b, type: 3}
  m_PrefabInstance: {fileID: 3086153800885198}
  m_PrefabAsset: {fileID: 0}
--- !u!1001 &911752391719360453
PrefabInstance:
  m_ObjectHideFlags: 0
  serializedVersion: 2
  m_Modification:
    m_TransformParent: {fileID: 8217732516433110997}
    m_Modifications:
    - target: {fileID: 5733380267960151611, guid: dc6efbc40b1cc9844be1fd4f2bbd890b, type: 3}
      propertyPath: m_Name
      value: GoldCoin
      objectReference: {fileID: 0}
    - target: {fileID: 7769691641193489134, guid: dc6efbc40b1cc9844be1fd4f2bbd890b, type: 3}
      propertyPath: m_LocalPosition.x
      value: -1.56
      objectReference: {fileID: 0}
    - target: {fileID: 7769691641193489134, guid: dc6efbc40b1cc9844be1fd4f2bbd890b, type: 3}
      propertyPath: m_LocalPosition.y
      value: 0.562
      objectReference: {fileID: 0}
    - target: {fileID: 7769691641193489134, guid: dc6efbc40b1cc9844be1fd4f2bbd890b, type: 3}
      propertyPath: m_LocalPosition.z
      value: 0
      objectReference: {fileID: 0}
    - target: {fileID: 7769691641193489134, guid: dc6efbc40b1cc9844be1fd4f2bbd890b, type: 3}
      propertyPath: m_LocalRotation.x
      value: -0
      objectReference: {fileID: 0}
    - target: {fileID: 7769691641193489134, guid: dc6efbc40b1cc9844be1fd4f2bbd890b, type: 3}
      propertyPath: m_LocalRotation.y
      value: -0
      objectReference: {fileID: 0}
    - target: {fileID: 7769691641193489134, guid: dc6efbc40b1cc9844be1fd4f2bbd890b, type: 3}
      propertyPath: m_LocalRotation.z
      value: -0
      objectReference: {fileID: 0}
    - target: {fileID: 7769691641193489134, guid: dc6efbc40b1cc9844be1fd4f2bbd890b, type: 3}
      propertyPath: m_LocalRotation.w
      value: 1
      objectReference: {fileID: 0}
    - target: {fileID: 7769691641193489134, guid: dc6efbc40b1cc9844be1fd4f2bbd890b, type: 3}
      propertyPath: m_RootOrder
      value: 0
      objectReference: {fileID: 0}
    - target: {fileID: 7769691641193489134, guid: dc6efbc40b1cc9844be1fd4f2bbd890b, type: 3}
      propertyPath: m_LocalEulerAnglesHint.x
      value: 0
      objectReference: {fileID: 0}
    - target: {fileID: 7769691641193489134, guid: dc6efbc40b1cc9844be1fd4f2bbd890b, type: 3}
      propertyPath: m_LocalEulerAnglesHint.y
      value: 0
      objectReference: {fileID: 0}
    - target: {fileID: 7769691641193489134, guid: dc6efbc40b1cc9844be1fd4f2bbd890b, type: 3}
      propertyPath: m_LocalEulerAnglesHint.z
      value: 0
      objectReference: {fileID: 0}
    m_RemovedComponents: []
  m_SourcePrefab: {fileID: 100100000, guid: dc6efbc40b1cc9844be1fd4f2bbd890b, type: 3}
--- !u!4 &7454667507381794091 stripped
Transform:
  m_CorrespondingSourceObject: {fileID: 7769691641193489134, guid: dc6efbc40b1cc9844be1fd4f2bbd890b, type: 3}
  m_PrefabInstance: {fileID: 911752391719360453}
  m_PrefabAsset: {fileID: 0}
--- !u!1001 &1829158508505453048
PrefabInstance:
  m_ObjectHideFlags: 0
  serializedVersion: 2
  m_Modification:
    m_TransformParent: {fileID: 8217732516433110997}
    m_Modifications:
    - target: {fileID: 5733380267960151611, guid: dc6efbc40b1cc9844be1fd4f2bbd890b, type: 3}
      propertyPath: m_Name
      value: GoldCoin (4)
      objectReference: {fileID: 0}
    - target: {fileID: 7769691641193489134, guid: dc6efbc40b1cc9844be1fd4f2bbd890b, type: 3}
      propertyPath: m_LocalPosition.x
      value: -0.56
      objectReference: {fileID: 0}
    - target: {fileID: 7769691641193489134, guid: dc6efbc40b1cc9844be1fd4f2bbd890b, type: 3}
      propertyPath: m_LocalPosition.y
      value: -0.43800002
      objectReference: {fileID: 0}
    - target: {fileID: 7769691641193489134, guid: dc6efbc40b1cc9844be1fd4f2bbd890b, type: 3}
      propertyPath: m_LocalPosition.z
      value: 0
      objectReference: {fileID: 0}
    - target: {fileID: 7769691641193489134, guid: dc6efbc40b1cc9844be1fd4f2bbd890b, type: 3}
      propertyPath: m_LocalRotation.x
      value: -0
      objectReference: {fileID: 0}
    - target: {fileID: 7769691641193489134, guid: dc6efbc40b1cc9844be1fd4f2bbd890b, type: 3}
      propertyPath: m_LocalRotation.y
      value: -0
      objectReference: {fileID: 0}
    - target: {fileID: 7769691641193489134, guid: dc6efbc40b1cc9844be1fd4f2bbd890b, type: 3}
      propertyPath: m_LocalRotation.z
      value: -0
      objectReference: {fileID: 0}
    - target: {fileID: 7769691641193489134, guid: dc6efbc40b1cc9844be1fd4f2bbd890b, type: 3}
      propertyPath: m_LocalRotation.w
      value: 1
      objectReference: {fileID: 0}
    - target: {fileID: 7769691641193489134, guid: dc6efbc40b1cc9844be1fd4f2bbd890b, type: 3}
      propertyPath: m_RootOrder
      value: 4
      objectReference: {fileID: 0}
    - target: {fileID: 7769691641193489134, guid: dc6efbc40b1cc9844be1fd4f2bbd890b, type: 3}
      propertyPath: m_LocalEulerAnglesHint.x
      value: 0
      objectReference: {fileID: 0}
    - target: {fileID: 7769691641193489134, guid: dc6efbc40b1cc9844be1fd4f2bbd890b, type: 3}
      propertyPath: m_LocalEulerAnglesHint.y
      value: 0
      objectReference: {fileID: 0}
    - target: {fileID: 7769691641193489134, guid: dc6efbc40b1cc9844be1fd4f2bbd890b, type: 3}
      propertyPath: m_LocalEulerAnglesHint.z
      value: 0
      objectReference: {fileID: 0}
    m_RemovedComponents: []
  m_SourcePrefab: {fileID: 100100000, guid: dc6efbc40b1cc9844be1fd4f2bbd890b, type: 3}
--- !u!4 &8264391847165637398 stripped
Transform:
  m_CorrespondingSourceObject: {fileID: 7769691641193489134, guid: dc6efbc40b1cc9844be1fd4f2bbd890b, type: 3}
  m_PrefabInstance: {fileID: 1829158508505453048}
  m_PrefabAsset: {fileID: 0}
--- !u!1001 &2281187810930816326
PrefabInstance:
  m_ObjectHideFlags: 0
  serializedVersion: 2
  m_Modification:
    m_TransformParent: {fileID: 8217732516433110997}
    m_Modifications:
    - target: {fileID: 5733380267960151611, guid: dc6efbc40b1cc9844be1fd4f2bbd890b, type: 3}
      propertyPath: m_Name
      value: GoldCoin (10)
      objectReference: {fileID: 0}
    - target: {fileID: 7769691641193489134, guid: dc6efbc40b1cc9844be1fd4f2bbd890b, type: 3}
      propertyPath: m_LocalPosition.x
      value: 1.44
      objectReference: {fileID: 0}
    - target: {fileID: 7769691641193489134, guid: dc6efbc40b1cc9844be1fd4f2bbd890b, type: 3}
      propertyPath: m_LocalPosition.y
      value: -0.43799996
      objectReference: {fileID: 0}
    - target: {fileID: 7769691641193489134, guid: dc6efbc40b1cc9844be1fd4f2bbd890b, type: 3}
      propertyPath: m_LocalPosition.z
      value: 0
      objectReference: {fileID: 0}
    - target: {fileID: 7769691641193489134, guid: dc6efbc40b1cc9844be1fd4f2bbd890b, type: 3}
      propertyPath: m_LocalRotation.x
      value: -0
      objectReference: {fileID: 0}
    - target: {fileID: 7769691641193489134, guid: dc6efbc40b1cc9844be1fd4f2bbd890b, type: 3}
      propertyPath: m_LocalRotation.y
      value: -0
      objectReference: {fileID: 0}
    - target: {fileID: 7769691641193489134, guid: dc6efbc40b1cc9844be1fd4f2bbd890b, type: 3}
      propertyPath: m_LocalRotation.z
      value: -0
      objectReference: {fileID: 0}
    - target: {fileID: 7769691641193489134, guid: dc6efbc40b1cc9844be1fd4f2bbd890b, type: 3}
      propertyPath: m_LocalRotation.w
      value: 1
      objectReference: {fileID: 0}
    - target: {fileID: 7769691641193489134, guid: dc6efbc40b1cc9844be1fd4f2bbd890b, type: 3}
      propertyPath: m_RootOrder
      value: 10
      objectReference: {fileID: 0}
    - target: {fileID: 7769691641193489134, guid: dc6efbc40b1cc9844be1fd4f2bbd890b, type: 3}
      propertyPath: m_LocalEulerAnglesHint.x
      value: 0
      objectReference: {fileID: 0}
    - target: {fileID: 7769691641193489134, guid: dc6efbc40b1cc9844be1fd4f2bbd890b, type: 3}
      propertyPath: m_LocalEulerAnglesHint.y
      value: 0
      objectReference: {fileID: 0}
    - target: {fileID: 7769691641193489134, guid: dc6efbc40b1cc9844be1fd4f2bbd890b, type: 3}
      propertyPath: m_LocalEulerAnglesHint.z
      value: 0
      objectReference: {fileID: 0}
    - target: {fileID: 7769691641193489134, guid: dc6efbc40b1cc9844be1fd4f2bbd890b, type: 3}
      propertyPath: m_LocalScale.x
      value: 0.11485023
      objectReference: {fileID: 0}
    - target: {fileID: 7769691641193489134, guid: dc6efbc40b1cc9844be1fd4f2bbd890b, type: 3}
      propertyPath: m_LocalScale.y
      value: 0.11485023
      objectReference: {fileID: 0}
    - target: {fileID: 7769691641193489134, guid: dc6efbc40b1cc9844be1fd4f2bbd890b, type: 3}
      propertyPath: m_LocalScale.z
      value: 0.11485023
      objectReference: {fileID: 0}
    m_RemovedComponents: []
  m_SourcePrefab: {fileID: 100100000, guid: dc6efbc40b1cc9844be1fd4f2bbd890b, type: 3}
--- !u!4 &8393325813802702760 stripped
Transform:
  m_CorrespondingSourceObject: {fileID: 7769691641193489134, guid: dc6efbc40b1cc9844be1fd4f2bbd890b, type: 3}
  m_PrefabInstance: {fileID: 2281187810930816326}
  m_PrefabAsset: {fileID: 0}
--- !u!1001 &2454713121209092785
PrefabInstance:
  m_ObjectHideFlags: 0
  serializedVersion: 2
  m_Modification:
    m_TransformParent: {fileID: 8217732516433110997}
    m_Modifications:
    - target: {fileID: 5733380267960151611, guid: dc6efbc40b1cc9844be1fd4f2bbd890b, type: 3}
      propertyPath: m_Name
      value: GoldCoin (5)
      objectReference: {fileID: 0}
    - target: {fileID: 7769691641193489134, guid: dc6efbc40b1cc9844be1fd4f2bbd890b, type: 3}
      propertyPath: m_LocalPosition.x
      value: 0.44
      objectReference: {fileID: 0}
    - target: {fileID: 7769691641193489134, guid: dc6efbc40b1cc9844be1fd4f2bbd890b, type: 3}
      propertyPath: m_LocalPosition.y
      value: -0.43800002
      objectReference: {fileID: 0}
    - target: {fileID: 7769691641193489134, guid: dc6efbc40b1cc9844be1fd4f2bbd890b, type: 3}
      propertyPath: m_LocalPosition.z
      value: 0
      objectReference: {fileID: 0}
    - target: {fileID: 7769691641193489134, guid: dc6efbc40b1cc9844be1fd4f2bbd890b, type: 3}
      propertyPath: m_LocalRotation.x
      value: -0
      objectReference: {fileID: 0}
    - target: {fileID: 7769691641193489134, guid: dc6efbc40b1cc9844be1fd4f2bbd890b, type: 3}
      propertyPath: m_LocalRotation.y
      value: -0
      objectReference: {fileID: 0}
    - target: {fileID: 7769691641193489134, guid: dc6efbc40b1cc9844be1fd4f2bbd890b, type: 3}
      propertyPath: m_LocalRotation.z
      value: -0
      objectReference: {fileID: 0}
    - target: {fileID: 7769691641193489134, guid: dc6efbc40b1cc9844be1fd4f2bbd890b, type: 3}
      propertyPath: m_LocalRotation.w
      value: 1
      objectReference: {fileID: 0}
    - target: {fileID: 7769691641193489134, guid: dc6efbc40b1cc9844be1fd4f2bbd890b, type: 3}
      propertyPath: m_RootOrder
      value: 5
      objectReference: {fileID: 0}
    - target: {fileID: 7769691641193489134, guid: dc6efbc40b1cc9844be1fd4f2bbd890b, type: 3}
      propertyPath: m_LocalEulerAnglesHint.x
      value: 0
      objectReference: {fileID: 0}
    - target: {fileID: 7769691641193489134, guid: dc6efbc40b1cc9844be1fd4f2bbd890b, type: 3}
      propertyPath: m_LocalEulerAnglesHint.y
      value: 0
      objectReference: {fileID: 0}
    - target: {fileID: 7769691641193489134, guid: dc6efbc40b1cc9844be1fd4f2bbd890b, type: 3}
      propertyPath: m_LocalEulerAnglesHint.z
      value: 0
      objectReference: {fileID: 0}
    m_RemovedComponents: []
  m_SourcePrefab: {fileID: 100100000, guid: dc6efbc40b1cc9844be1fd4f2bbd890b, type: 3}
--- !u!4 &5315261250702174303 stripped
Transform:
  m_CorrespondingSourceObject: {fileID: 7769691641193489134, guid: dc6efbc40b1cc9844be1fd4f2bbd890b, type: 3}
  m_PrefabInstance: {fileID: 2454713121209092785}
  m_PrefabAsset: {fileID: 0}
--- !u!1001 &2757307789669875076
PrefabInstance:
  m_ObjectHideFlags: 0
  serializedVersion: 2
  m_Modification:
    m_TransformParent: {fileID: 8217732516433110997}
    m_Modifications:
    - target: {fileID: 5733380267960151611, guid: dc6efbc40b1cc9844be1fd4f2bbd890b, type: 3}
      propertyPath: m_Name
      value: GoldCoin (11)
      objectReference: {fileID: 0}
    - target: {fileID: 7769691641193489134, guid: dc6efbc40b1cc9844be1fd4f2bbd890b, type: 3}
      propertyPath: m_LocalPosition.x
      value: 1.44
      objectReference: {fileID: 0}
    - target: {fileID: 7769691641193489134, guid: dc6efbc40b1cc9844be1fd4f2bbd890b, type: 3}
      propertyPath: m_LocalPosition.y
      value: 1.5620003
      objectReference: {fileID: 0}
    - target: {fileID: 7769691641193489134, guid: dc6efbc40b1cc9844be1fd4f2bbd890b, type: 3}
      propertyPath: m_LocalPosition.z
      value: 0
      objectReference: {fileID: 0}
    - target: {fileID: 7769691641193489134, guid: dc6efbc40b1cc9844be1fd4f2bbd890b, type: 3}
      propertyPath: m_LocalRotation.x
      value: -0
      objectReference: {fileID: 0}
    - target: {fileID: 7769691641193489134, guid: dc6efbc40b1cc9844be1fd4f2bbd890b, type: 3}
      propertyPath: m_LocalRotation.y
      value: -0
      objectReference: {fileID: 0}
    - target: {fileID: 7769691641193489134, guid: dc6efbc40b1cc9844be1fd4f2bbd890b, type: 3}
      propertyPath: m_LocalRotation.z
      value: -0
      objectReference: {fileID: 0}
    - target: {fileID: 7769691641193489134, guid: dc6efbc40b1cc9844be1fd4f2bbd890b, type: 3}
      propertyPath: m_LocalRotation.w
      value: 1
      objectReference: {fileID: 0}
    - target: {fileID: 7769691641193489134, guid: dc6efbc40b1cc9844be1fd4f2bbd890b, type: 3}
      propertyPath: m_RootOrder
      value: 11
      objectReference: {fileID: 0}
    - target: {fileID: 7769691641193489134, guid: dc6efbc40b1cc9844be1fd4f2bbd890b, type: 3}
      propertyPath: m_LocalEulerAnglesHint.x
      value: 0
      objectReference: {fileID: 0}
    - target: {fileID: 7769691641193489134, guid: dc6efbc40b1cc9844be1fd4f2bbd890b, type: 3}
      propertyPath: m_LocalEulerAnglesHint.y
      value: 0
      objectReference: {fileID: 0}
    - target: {fileID: 7769691641193489134, guid: dc6efbc40b1cc9844be1fd4f2bbd890b, type: 3}
      propertyPath: m_LocalEulerAnglesHint.z
      value: 0
      objectReference: {fileID: 0}
    - target: {fileID: 7769691641193489134, guid: dc6efbc40b1cc9844be1fd4f2bbd890b, type: 3}
      propertyPath: m_LocalScale.x
      value: 0.11485023
      objectReference: {fileID: 0}
    - target: {fileID: 7769691641193489134, guid: dc6efbc40b1cc9844be1fd4f2bbd890b, type: 3}
      propertyPath: m_LocalScale.y
      value: 0.11485023
      objectReference: {fileID: 0}
    - target: {fileID: 7769691641193489134, guid: dc6efbc40b1cc9844be1fd4f2bbd890b, type: 3}
      propertyPath: m_LocalScale.z
      value: 0.11485023
      objectReference: {fileID: 0}
    m_RemovedComponents: []
  m_SourcePrefab: {fileID: 100100000, guid: dc6efbc40b1cc9844be1fd4f2bbd890b, type: 3}
--- !u!4 &5589127334010052458 stripped
Transform:
  m_CorrespondingSourceObject: {fileID: 7769691641193489134, guid: dc6efbc40b1cc9844be1fd4f2bbd890b, type: 3}
  m_PrefabInstance: {fileID: 2757307789669875076}
  m_PrefabAsset: {fileID: 0}
--- !u!1001 &3971865306129686006
PrefabInstance:
  m_ObjectHideFlags: 0
  serializedVersion: 2
  m_Modification:
    m_TransformParent: {fileID: 8217732516433110997}
    m_Modifications:
    - target: {fileID: 5733380267960151611, guid: dc6efbc40b1cc9844be1fd4f2bbd890b, type: 3}
      propertyPath: m_Name
      value: GoldCoin (3)
      objectReference: {fileID: 0}
    - target: {fileID: 7769691641193489134, guid: dc6efbc40b1cc9844be1fd4f2bbd890b, type: 3}
      propertyPath: m_LocalPosition.x
      value: 0.44
      objectReference: {fileID: 0}
    - target: {fileID: 7769691641193489134, guid: dc6efbc40b1cc9844be1fd4f2bbd890b, type: 3}
      propertyPath: m_LocalPosition.y
      value: 0.562
      objectReference: {fileID: 0}
    - target: {fileID: 7769691641193489134, guid: dc6efbc40b1cc9844be1fd4f2bbd890b, type: 3}
      propertyPath: m_LocalPosition.z
      value: 0
      objectReference: {fileID: 0}
    - target: {fileID: 7769691641193489134, guid: dc6efbc40b1cc9844be1fd4f2bbd890b, type: 3}
      propertyPath: m_LocalRotation.x
      value: -0
      objectReference: {fileID: 0}
    - target: {fileID: 7769691641193489134, guid: dc6efbc40b1cc9844be1fd4f2bbd890b, type: 3}
      propertyPath: m_LocalRotation.y
      value: -0
      objectReference: {fileID: 0}
    - target: {fileID: 7769691641193489134, guid: dc6efbc40b1cc9844be1fd4f2bbd890b, type: 3}
      propertyPath: m_LocalRotation.z
      value: -0
      objectReference: {fileID: 0}
    - target: {fileID: 7769691641193489134, guid: dc6efbc40b1cc9844be1fd4f2bbd890b, type: 3}
      propertyPath: m_LocalRotation.w
      value: 1
      objectReference: {fileID: 0}
    - target: {fileID: 7769691641193489134, guid: dc6efbc40b1cc9844be1fd4f2bbd890b, type: 3}
      propertyPath: m_RootOrder
      value: 3
      objectReference: {fileID: 0}
    - target: {fileID: 7769691641193489134, guid: dc6efbc40b1cc9844be1fd4f2bbd890b, type: 3}
      propertyPath: m_LocalEulerAnglesHint.x
      value: 0
      objectReference: {fileID: 0}
    - target: {fileID: 7769691641193489134, guid: dc6efbc40b1cc9844be1fd4f2bbd890b, type: 3}
      propertyPath: m_LocalEulerAnglesHint.y
      value: 0
      objectReference: {fileID: 0}
    - target: {fileID: 7769691641193489134, guid: dc6efbc40b1cc9844be1fd4f2bbd890b, type: 3}
      propertyPath: m_LocalEulerAnglesHint.z
      value: 0
      objectReference: {fileID: 0}
    m_RemovedComponents: []
  m_SourcePrefab: {fileID: 100100000, guid: dc6efbc40b1cc9844be1fd4f2bbd890b, type: 3}
--- !u!4 &6687171525275434776 stripped
Transform:
  m_CorrespondingSourceObject: {fileID: 7769691641193489134, guid: dc6efbc40b1cc9844be1fd4f2bbd890b, type: 3}
  m_PrefabInstance: {fileID: 3971865306129686006}
  m_PrefabAsset: {fileID: 0}
--- !u!1001 &5254909747648361165
PrefabInstance:
  m_ObjectHideFlags: 0
  serializedVersion: 2
  m_Modification:
    m_TransformParent: {fileID: 8217732516433110997}
    m_Modifications:
    - target: {fileID: 5733380267960151611, guid: dc6efbc40b1cc9844be1fd4f2bbd890b, type: 3}
      propertyPath: m_Name
      value: GoldCoin (2)
      objectReference: {fileID: 0}
    - target: {fileID: 7769691641193489134, guid: dc6efbc40b1cc9844be1fd4f2bbd890b, type: 3}
      propertyPath: m_LocalPosition.x
      value: -0.56
      objectReference: {fileID: 0}
    - target: {fileID: 7769691641193489134, guid: dc6efbc40b1cc9844be1fd4f2bbd890b, type: 3}
      propertyPath: m_LocalPosition.y
      value: 0.562
      objectReference: {fileID: 0}
    - target: {fileID: 7769691641193489134, guid: dc6efbc40b1cc9844be1fd4f2bbd890b, type: 3}
      propertyPath: m_LocalPosition.z
      value: 0
      objectReference: {fileID: 0}
    - target: {fileID: 7769691641193489134, guid: dc6efbc40b1cc9844be1fd4f2bbd890b, type: 3}
      propertyPath: m_LocalRotation.x
      value: -0
      objectReference: {fileID: 0}
    - target: {fileID: 7769691641193489134, guid: dc6efbc40b1cc9844be1fd4f2bbd890b, type: 3}
      propertyPath: m_LocalRotation.y
      value: -0
      objectReference: {fileID: 0}
    - target: {fileID: 7769691641193489134, guid: dc6efbc40b1cc9844be1fd4f2bbd890b, type: 3}
      propertyPath: m_LocalRotation.z
      value: -0
      objectReference: {fileID: 0}
    - target: {fileID: 7769691641193489134, guid: dc6efbc40b1cc9844be1fd4f2bbd890b, type: 3}
      propertyPath: m_LocalRotation.w
      value: 1
      objectReference: {fileID: 0}
    - target: {fileID: 7769691641193489134, guid: dc6efbc40b1cc9844be1fd4f2bbd890b, type: 3}
      propertyPath: m_RootOrder
      value: 2
      objectReference: {fileID: 0}
    - target: {fileID: 7769691641193489134, guid: dc6efbc40b1cc9844be1fd4f2bbd890b, type: 3}
      propertyPath: m_LocalEulerAnglesHint.x
      value: 0
      objectReference: {fileID: 0}
    - target: {fileID: 7769691641193489134, guid: dc6efbc40b1cc9844be1fd4f2bbd890b, type: 3}
      propertyPath: m_LocalEulerAnglesHint.y
      value: 0
      objectReference: {fileID: 0}
    - target: {fileID: 7769691641193489134, guid: dc6efbc40b1cc9844be1fd4f2bbd890b, type: 3}
      propertyPath: m_LocalEulerAnglesHint.z
      value: 0
      objectReference: {fileID: 0}
    m_RemovedComponents: []
  m_SourcePrefab: {fileID: 100100000, guid: dc6efbc40b1cc9844be1fd4f2bbd890b, type: 3}
--- !u!4 &2539552946710482979 stripped
Transform:
  m_CorrespondingSourceObject: {fileID: 7769691641193489134, guid: dc6efbc40b1cc9844be1fd4f2bbd890b, type: 3}
  m_PrefabInstance: {fileID: 5254909747648361165}
  m_PrefabAsset: {fileID: 0}
--- !u!1001 &8066913425967639475
PrefabInstance:
  m_ObjectHideFlags: 0
  serializedVersion: 2
  m_Modification:
    m_TransformParent: {fileID: 8217732516433110997}
    m_Modifications:
    - target: {fileID: 5733380267960151611, guid: dc6efbc40b1cc9844be1fd4f2bbd890b, type: 3}
      propertyPath: m_Name
      value: GoldCoin (7)
      objectReference: {fileID: 0}
    - target: {fileID: 7769691641193489134, guid: dc6efbc40b1cc9844be1fd4f2bbd890b, type: 3}
      propertyPath: m_LocalPosition.x
      value: -0.56
      objectReference: {fileID: 0}
    - target: {fileID: 7769691641193489134, guid: dc6efbc40b1cc9844be1fd4f2bbd890b, type: 3}
      propertyPath: m_LocalPosition.y
      value: 1.562
      objectReference: {fileID: 0}
    - target: {fileID: 7769691641193489134, guid: dc6efbc40b1cc9844be1fd4f2bbd890b, type: 3}
      propertyPath: m_LocalPosition.z
      value: 0
      objectReference: {fileID: 0}
    - target: {fileID: 7769691641193489134, guid: dc6efbc40b1cc9844be1fd4f2bbd890b, type: 3}
      propertyPath: m_LocalRotation.x
      value: -0
      objectReference: {fileID: 0}
    - target: {fileID: 7769691641193489134, guid: dc6efbc40b1cc9844be1fd4f2bbd890b, type: 3}
      propertyPath: m_LocalRotation.y
      value: -0
      objectReference: {fileID: 0}
    - target: {fileID: 7769691641193489134, guid: dc6efbc40b1cc9844be1fd4f2bbd890b, type: 3}
      propertyPath: m_LocalRotation.z
      value: -0
      objectReference: {fileID: 0}
    - target: {fileID: 7769691641193489134, guid: dc6efbc40b1cc9844be1fd4f2bbd890b, type: 3}
      propertyPath: m_LocalRotation.w
      value: 1
      objectReference: {fileID: 0}
    - target: {fileID: 7769691641193489134, guid: dc6efbc40b1cc9844be1fd4f2bbd890b, type: 3}
      propertyPath: m_RootOrder
      value: 7
      objectReference: {fileID: 0}
    - target: {fileID: 7769691641193489134, guid: dc6efbc40b1cc9844be1fd4f2bbd890b, type: 3}
      propertyPath: m_LocalEulerAnglesHint.x
      value: 0
      objectReference: {fileID: 0}
    - target: {fileID: 7769691641193489134, guid: dc6efbc40b1cc9844be1fd4f2bbd890b, type: 3}
      propertyPath: m_LocalEulerAnglesHint.y
      value: 0
      objectReference: {fileID: 0}
    - target: {fileID: 7769691641193489134, guid: dc6efbc40b1cc9844be1fd4f2bbd890b, type: 3}
      propertyPath: m_LocalEulerAnglesHint.z
      value: 0
      objectReference: {fileID: 0}
    m_RemovedComponents: []
  m_SourcePrefab: {fileID: 100100000, guid: dc6efbc40b1cc9844be1fd4f2bbd890b, type: 3}
--- !u!4 &297257798445140317 stripped
Transform:
  m_CorrespondingSourceObject: {fileID: 7769691641193489134, guid: dc6efbc40b1cc9844be1fd4f2bbd890b, type: 3}
  m_PrefabInstance: {fileID: 8066913425967639475}
  m_PrefabAsset: {fileID: 0}
--- !u!1001 &8306179881701267979
PrefabInstance:
  m_ObjectHideFlags: 0
  serializedVersion: 2
  m_Modification:
    m_TransformParent: {fileID: 8217732516433110997}
    m_Modifications:
    - target: {fileID: 5733380267960151611, guid: dc6efbc40b1cc9844be1fd4f2bbd890b, type: 3}
      propertyPath: m_Name
      value: GoldCoin (8)
      objectReference: {fileID: 0}
    - target: {fileID: 7769691641193489134, guid: dc6efbc40b1cc9844be1fd4f2bbd890b, type: 3}
      propertyPath: m_LocalPosition.x
      value: -1.56
      objectReference: {fileID: 0}
    - target: {fileID: 7769691641193489134, guid: dc6efbc40b1cc9844be1fd4f2bbd890b, type: 3}
      propertyPath: m_LocalPosition.y
      value: 1.562
      objectReference: {fileID: 0}
    - target: {fileID: 7769691641193489134, guid: dc6efbc40b1cc9844be1fd4f2bbd890b, type: 3}
      propertyPath: m_LocalPosition.z
      value: 0
      objectReference: {fileID: 0}
    - target: {fileID: 7769691641193489134, guid: dc6efbc40b1cc9844be1fd4f2bbd890b, type: 3}
      propertyPath: m_LocalRotation.x
      value: -0
      objectReference: {fileID: 0}
    - target: {fileID: 7769691641193489134, guid: dc6efbc40b1cc9844be1fd4f2bbd890b, type: 3}
      propertyPath: m_LocalRotation.y
      value: -0
      objectReference: {fileID: 0}
    - target: {fileID: 7769691641193489134, guid: dc6efbc40b1cc9844be1fd4f2bbd890b, type: 3}
      propertyPath: m_LocalRotation.z
      value: -0
      objectReference: {fileID: 0}
    - target: {fileID: 7769691641193489134, guid: dc6efbc40b1cc9844be1fd4f2bbd890b, type: 3}
      propertyPath: m_LocalRotation.w
      value: 1
      objectReference: {fileID: 0}
    - target: {fileID: 7769691641193489134, guid: dc6efbc40b1cc9844be1fd4f2bbd890b, type: 3}
      propertyPath: m_RootOrder
      value: 8
      objectReference: {fileID: 0}
    - target: {fileID: 7769691641193489134, guid: dc6efbc40b1cc9844be1fd4f2bbd890b, type: 3}
      propertyPath: m_LocalEulerAnglesHint.x
      value: 0
      objectReference: {fileID: 0}
    - target: {fileID: 7769691641193489134, guid: dc6efbc40b1cc9844be1fd4f2bbd890b, type: 3}
      propertyPath: m_LocalEulerAnglesHint.y
      value: 0
      objectReference: {fileID: 0}
    - target: {fileID: 7769691641193489134, guid: dc6efbc40b1cc9844be1fd4f2bbd890b, type: 3}
      propertyPath: m_LocalEulerAnglesHint.z
      value: 0
      objectReference: {fileID: 0}
    - target: {fileID: 7769691641193489134, guid: dc6efbc40b1cc9844be1fd4f2bbd890b, type: 3}
      propertyPath: m_LocalScale.x
      value: 0.11485023
      objectReference: {fileID: 0}
    - target: {fileID: 7769691641193489134, guid: dc6efbc40b1cc9844be1fd4f2bbd890b, type: 3}
      propertyPath: m_LocalScale.y
      value: 0.11485023
      objectReference: {fileID: 0}
    - target: {fileID: 7769691641193489134, guid: dc6efbc40b1cc9844be1fd4f2bbd890b, type: 3}
      propertyPath: m_LocalScale.z
      value: 0.11485023
      objectReference: {fileID: 0}
    m_RemovedComponents: []
  m_SourcePrefab: {fileID: 100100000, guid: dc6efbc40b1cc9844be1fd4f2bbd890b, type: 3}
--- !u!4 &1771612273318836453 stripped
Transform:
  m_CorrespondingSourceObject: {fileID: 7769691641193489134, guid: dc6efbc40b1cc9844be1fd4f2bbd890b, type: 3}
  m_PrefabInstance: {fileID: 8306179881701267979}
  m_PrefabAsset: {fileID: 0}
--- !u!1001 &8493900805947087844
PrefabInstance:
  m_ObjectHideFlags: 0
  serializedVersion: 2
  m_Modification:
    m_TransformParent: {fileID: 8217732516433110997}
    m_Modifications:
    - target: {fileID: 5733380267960151611, guid: dc6efbc40b1cc9844be1fd4f2bbd890b, type: 3}
      propertyPath: m_Name
      value: GoldCoin (9)
      objectReference: {fileID: 0}
    - target: {fileID: 7769691641193489134, guid: dc6efbc40b1cc9844be1fd4f2bbd890b, type: 3}
      propertyPath: m_LocalPosition.x
      value: -1.56
      objectReference: {fileID: 0}
    - target: {fileID: 7769691641193489134, guid: dc6efbc40b1cc9844be1fd4f2bbd890b, type: 3}
      propertyPath: m_LocalPosition.y
      value: -0.43799996
      objectReference: {fileID: 0}
    - target: {fileID: 7769691641193489134, guid: dc6efbc40b1cc9844be1fd4f2bbd890b, type: 3}
      propertyPath: m_LocalPosition.z
      value: 0
      objectReference: {fileID: 0}
    - target: {fileID: 7769691641193489134, guid: dc6efbc40b1cc9844be1fd4f2bbd890b, type: 3}
      propertyPath: m_LocalRotation.x
      value: -0
      objectReference: {fileID: 0}
    - target: {fileID: 7769691641193489134, guid: dc6efbc40b1cc9844be1fd4f2bbd890b, type: 3}
      propertyPath: m_LocalRotation.y
      value: -0
      objectReference: {fileID: 0}
    - target: {fileID: 7769691641193489134, guid: dc6efbc40b1cc9844be1fd4f2bbd890b, type: 3}
      propertyPath: m_LocalRotation.z
      value: -0
      objectReference: {fileID: 0}
    - target: {fileID: 7769691641193489134, guid: dc6efbc40b1cc9844be1fd4f2bbd890b, type: 3}
      propertyPath: m_LocalRotation.w
      value: 1
      objectReference: {fileID: 0}
    - target: {fileID: 7769691641193489134, guid: dc6efbc40b1cc9844be1fd4f2bbd890b, type: 3}
      propertyPath: m_RootOrder
      value: 9
      objectReference: {fileID: 0}
    - target: {fileID: 7769691641193489134, guid: dc6efbc40b1cc9844be1fd4f2bbd890b, type: 3}
      propertyPath: m_LocalEulerAnglesHint.x
      value: 0
      objectReference: {fileID: 0}
    - target: {fileID: 7769691641193489134, guid: dc6efbc40b1cc9844be1fd4f2bbd890b, type: 3}
      propertyPath: m_LocalEulerAnglesHint.y
      value: 0
      objectReference: {fileID: 0}
    - target: {fileID: 7769691641193489134, guid: dc6efbc40b1cc9844be1fd4f2bbd890b, type: 3}
      propertyPath: m_LocalEulerAnglesHint.z
      value: 0
      objectReference: {fileID: 0}
    - target: {fileID: 7769691641193489134, guid: dc6efbc40b1cc9844be1fd4f2bbd890b, type: 3}
      propertyPath: m_LocalScale.x
      value: 0.11485023
      objectReference: {fileID: 0}
    - target: {fileID: 7769691641193489134, guid: dc6efbc40b1cc9844be1fd4f2bbd890b, type: 3}
      propertyPath: m_LocalScale.y
      value: 0.11485023
      objectReference: {fileID: 0}
    - target: {fileID: 7769691641193489134, guid: dc6efbc40b1cc9844be1fd4f2bbd890b, type: 3}
      propertyPath: m_LocalScale.z
      value: 0.11485023
      objectReference: {fileID: 0}
    m_RemovedComponents: []
  m_SourcePrefab: {fileID: 100100000, guid: dc6efbc40b1cc9844be1fd4f2bbd890b, type: 3}
--- !u!4 &2176110146332768522 stripped
Transform:
  m_CorrespondingSourceObject: {fileID: 7769691641193489134, guid: dc6efbc40b1cc9844be1fd4f2bbd890b, type: 3}
  m_PrefabInstance: {fileID: 8493900805947087844}
  m_PrefabAsset: {fileID: 0}
--- !u!1001 &8515175879226573967
PrefabInstance:
  m_ObjectHideFlags: 0
  serializedVersion: 2
  m_Modification:
    m_TransformParent: {fileID: 8217732516433110997}
    m_Modifications:
    - target: {fileID: 5733380267960151611, guid: dc6efbc40b1cc9844be1fd4f2bbd890b, type: 3}
      propertyPath: m_Name
      value: GoldCoin (6)
      objectReference: {fileID: 0}
    - target: {fileID: 7769691641193489134, guid: dc6efbc40b1cc9844be1fd4f2bbd890b, type: 3}
      propertyPath: m_LocalPosition.x
      value: 0.44
      objectReference: {fileID: 0}
    - target: {fileID: 7769691641193489134, guid: dc6efbc40b1cc9844be1fd4f2bbd890b, type: 3}
      propertyPath: m_LocalPosition.y
      value: 1.562
      objectReference: {fileID: 0}
    - target: {fileID: 7769691641193489134, guid: dc6efbc40b1cc9844be1fd4f2bbd890b, type: 3}
      propertyPath: m_LocalPosition.z
      value: 0
      objectReference: {fileID: 0}
    - target: {fileID: 7769691641193489134, guid: dc6efbc40b1cc9844be1fd4f2bbd890b, type: 3}
      propertyPath: m_LocalRotation.x
      value: -0
      objectReference: {fileID: 0}
    - target: {fileID: 7769691641193489134, guid: dc6efbc40b1cc9844be1fd4f2bbd890b, type: 3}
      propertyPath: m_LocalRotation.y
      value: -0
      objectReference: {fileID: 0}
    - target: {fileID: 7769691641193489134, guid: dc6efbc40b1cc9844be1fd4f2bbd890b, type: 3}
      propertyPath: m_LocalRotation.z
      value: -0
      objectReference: {fileID: 0}
    - target: {fileID: 7769691641193489134, guid: dc6efbc40b1cc9844be1fd4f2bbd890b, type: 3}
      propertyPath: m_LocalRotation.w
      value: 1
      objectReference: {fileID: 0}
    - target: {fileID: 7769691641193489134, guid: dc6efbc40b1cc9844be1fd4f2bbd890b, type: 3}
      propertyPath: m_RootOrder
      value: 6
      objectReference: {fileID: 0}
    - target: {fileID: 7769691641193489134, guid: dc6efbc40b1cc9844be1fd4f2bbd890b, type: 3}
      propertyPath: m_LocalEulerAnglesHint.x
      value: 0
      objectReference: {fileID: 0}
    - target: {fileID: 7769691641193489134, guid: dc6efbc40b1cc9844be1fd4f2bbd890b, type: 3}
      propertyPath: m_LocalEulerAnglesHint.y
      value: 0
      objectReference: {fileID: 0}
    - target: {fileID: 7769691641193489134, guid: dc6efbc40b1cc9844be1fd4f2bbd890b, type: 3}
      propertyPath: m_LocalEulerAnglesHint.z
      value: 0
      objectReference: {fileID: 0}
    m_RemovedComponents: []
  m_SourcePrefab: {fileID: 100100000, guid: dc6efbc40b1cc9844be1fd4f2bbd890b, type: 3}
--- !u!4 &2159623600811714145 stripped
Transform:
  m_CorrespondingSourceObject: {fileID: 7769691641193489134, guid: dc6efbc40b1cc9844be1fd4f2bbd890b, type: 3}
  m_PrefabInstance: {fileID: 8515175879226573967}
  m_PrefabAsset: {fileID: 0}
